# EOE|id|code|order_id   |buy|qty    | price          | timestamp| instr_ascii                  | instr_bin|instr_id|data0         | data1  | data2

# test tick2trade

# 11$  000000199C82CC00
# 5$   0000000BA43B7400
# 13$  0000001BF08EB000
# 4.5$ 0000000A7A358200
# buy side < sell side
# trigger if market price > buy side

# these messages are here to ensure the system is properly configured before injecting real data
# in real life, problem does not happen
01 00 95 0000000000000000 00 00000030 000000174876E800 00000001 00000000000000000000000000000000 00000000 00000002 0102030405060708 00000000 0000000000000000
01 00 97 0000000000000000 00 00000030 000000174876E800 00000006 00000000000000000000000000000000 00000000 00000004 0000000000000000 00000000 0000000000000000
01 00 95 0000000000000000 00 00000030 000000174876E800 00000001 00000000000000000000000000000000 00000000 00000002 0102030405060708 00000000 0000000000000000
01 00 97 0000000000000000 00 00000030 000000174876E800 00000006 00000000000000000000000000000000 00000000 00000004 0000000000000000 00000000 0000000000000000
01 00 95 0000000000000000 00 00000030 000000174876E800 00000001 00000000000000000000000000000000 00000000 00000002 0102030405060708 00000000 0000000000000000
01 00 97 0000000000000000 00 00000030 000000174876E800 00000006 00000000000000000000000000000000 00000000 00000004 0000000000000000 00000000 0000000000000000
01 00 95 0000000000000000 00 00000030 000000174876E800 00000001 00000000000000000000000000000000 00000000 00000002 0102030405060708 00000000 0000000000000000
01 00 97 0000000000000000 00 00000030 000000174876E800 00000006 00000000000000000000000000000000 00000000 00000004 0000000000000000 00000000 0000000000000000
01 00 95 0000000000000000 00 00000030 000000174876E800 00000001 00000000000000000000000000000000 00000000 00000002 0102030405060708 00000000 0000000000000000
01 00 97 0000000000000000 00 00000030 000000174876E800 00000006 00000000000000000000000000000000 00000000 00000004 0000000000000000 00000000 0000000000000000
01 00 95 0000000000000000 00 00000030 000000174876E800 00000001 00000000000000000000000000000000 00000000 00000002 0102030405060708 00000000 0000000000000000
01 00 97 0000000000000000 00 00000030 000000174876E800 00000006 00000000000000000000000000000000 00000000 00000004 0000000000000000 00000000 0000000000000000


# trade summary at 13$ on ask, will not trigger because our limit is 13$
01 00 95 0000000000000000 00 00000030 000000174876E800 00000100 00000000000000000000000000000000 00000000 00000002 0102030405060708 00000000 0000000000000000
01 00 64 0000000000000000 00 00000000 0000001BF08EB000 00000101 00000000000000000000000000000000 00000000 00000014 000000000000FFFF 00000000 0000000000000000
01 00 97 0000000000000000 00 00000030 000000174876E800 00000102 00000000000000000000000000000000 00000000 00000004 0000000000000000 00000000 0000000000000000

# trade summary at 11$, will trigger on the ask side
01 00 95 0000000000000000 00 00000030 000000174876E800 00000114 00000000000000000000000000000000 00000000 00000002 0102030405060708 00000000 0000000000000000
01 00 64 0000000000000000 00 00000000 000000199C82CC00 00000115 00000000000000000000000000000000 00000000 00000014 000000000000FFFF 00000000 0000000000000000
01 00 97 0000000000000000 00 00000030 000000174876E800 00000116 00000000000000000000000000000000 00000000 00000004 0000000000000000 00000000 0000000000000000

# trade summary at 5$, will trigger on the bid side because our trigger limit is 4.5$
01 00 95 0000000000000000 00 00000030 000000174876E800 00000130 00000000000000000000000000000000 00000000 00000002 0102030405060708 00000000 0000000000000000
01 00 64 0000000000000000 01 00000000 0000000BA43B7400 00000131 00000000000000000000000000000000 00000000 00000014 000000000000FFFF 00000000 0000000000000000
01 00 97 0000000000000000 00 00000030 000000174876E800 00000132 00000000000000000000000000000000 00000000 00000004 0000000000000000 00000000 0000000000000000

# no trigger because on not configured instrument
01 00 95 0000000000000000 00 00000030 000000174876E800 00000140 00000000000000000000000000000000 00000000 00000002 0102030405060708 00000000 0000000000000000
01 00 64 0000000000000000 01 00000000 0000000A7A358200 00000142 00000000000000000000000000000000 00000000 00000018 000000000000FFFF 00000000 0000000000000000
01 00 97 0000000000000000 00 00000030 000000174876E800 00000143 00000000000000000000000000000000 00000000 00000004 0000000000000000 00000000 0000000000000000

